<record><leader>00000cas a2200000 a 4500</leader><controlfield tag="001">27042173</controlfield><controlfield tag="008">921130c19uu9999iluwr ne      0   a0eng c</controlfield><datafield ind1=" " ind2=" " tag="010"><subfield code="a">sn 92053424 </subfield></datafield><datafield ind1=" " ind2=" " tag="040"><subfield code="a">NVF</subfield><subfield code="b">eng</subfield><subfield code="c">NVF</subfield><subfield code="d">CVF</subfield><subfield code="d">NVF</subfield><subfield code="d">OCLCF</subfield><subfield code="d">NVF</subfield><subfield code="d">OCLCO</subfield></datafield><datafield ind1=" " ind2=" " tag="019"><subfield code="a">994396327</subfield></datafield><datafield ind1="1" ind2=" " tag="029"><subfield code="a">AU@</subfield><subfield code="b">000020744229</subfield></datafield><datafield ind1="1" ind2=" " tag="029"><subfield code="a">NZ1</subfield><subfield code="b">16070793</subfield></datafield><datafield ind1=" " ind2=" " tag="042"><subfield code="a">pcc</subfield></datafield><datafield ind1=" " ind2=" " tag="043"><subfield code="a">n-us-il</subfield></datafield><datafield ind1="0" ind2=" " tag="130"><subfield code="a">Midweek (De Kalb, Ill.)</subfield></datafield><datafield ind1="1" ind2="4" tag="245"><subfield code="a">The midweek.</subfield></datafield><datafield ind1="1" ind2=" " tag="246"><subfield code="i">Published as:</subfield><subfield code="a">Midweek newspaper</subfield><subfield code="f">&lt;Jan. 2, 1991&gt;-Sept. 4, 1991</subfield></datafield><datafield ind1=" " ind2=" " tag="260"><subfield code="a">DeKalb, Ill. :</subfield><subfield code="b">Siebrasse Publications, Inc.</subfield></datafield><datafield ind1=" " ind2=" " tag="300"><subfield code="a">v.</subfield></datafield><datafield ind1=" " ind2=" " tag="310"><subfield code="a">Weekly</subfield></datafield><datafield ind1=" " ind2=" " tag="588"><subfield code="a">Description based on: Vol. 20, no. 26 (July 1, 1987).</subfield></datafield><datafield ind1=" " ind2="0" tag="651"><subfield code="a">De Kalb (Ill.)</subfield><subfield code="v">Newspapers.</subfield></datafield><datafield ind1=" " ind2="7" tag="651"><subfield code="a">Illinois</subfield><subfield code="z">De Kalb.</subfield><subfield code="2">fast</subfield><subfield code="0">(OCoLC)fst01206287</subfield></datafield><datafield ind1=" " ind2="7" tag="655"><subfield code="a">Newspapers.</subfield><subfield code="2">fast</subfield><subfield code="0">(OCoLC)fst01423814</subfield></datafield><datafield ind1=" " ind2=" " tag="752"><subfield code="a">United States</subfield><subfield code="b">Illinois</subfield><subfield code="c">De Kalb</subfield><subfield code="d">De Kalb.</subfield></datafield><datafield ind1="0" ind2="0" tag="780"><subfield code="t">Citizen's midweek</subfield></datafield></record>